@book{favero2017manual,
  title={Manual de análise de dados: estatística e modelagem multivariada com Excel, SPSS e Stata},
  author={Fávero, Luiz Paulo and Belfiore, Patrícia},
  year={2017},
  publisher={Elsevier Brasil}
}

@misc{wikipediaabelhas,
	author={Wikipedia},
	url = {https://pt.wikipedia.org/wiki/Humano},
	note = {https://pt.wikipedia.org/wiki/Inteligência\_em\_abelhas}
}

@misc{wikipediahumano,
	author={Wikipedia},
	url = {https://pt.wikipedia.org/wiki/Humano},
	note = {https://pt.wikipedia.org/wiki/Humano}
}

@misc{blipblog,
	author={blipblog},
	url = {https://www.take.net/blog/tecnologia/inteligenciaartificial/},
	note = {https://www.take.net/blog/tecnologia/inteligenciaartificial/}
}

@book{norvig2002,
	title={A modern approach},
	author={Norvig and Russel}
}

@misc{wikipediafourier,
	author={wikipedia},
	url = {https://pt.wikipedia.org/wiki/TransformadadeFourier},
	note = {https://pt.wikipedia.org/wiki/TransformadadeFourier}
}

@article{Turing1950,
	author = {Turing, A M},
	doi = {10.1016/B978-0-12-386980-7.50023-X},
	journal = {Mind},
	keywords = {chatbot,seminal,turing},
	number = {8},
	pages = {433--460},
	title = {Computing Machinery and intelligence},
	volume = {49},
	year = {1950}
}